@BOOK{1992grle.book.....S,
       author = {{Schneider}, Peter and {Ehlers}, J{\"u}rgen and {Falco}, Emilio E.},
        title = "{Gravitational Lenses}",
         year = 1992,
          doi = {10.1007/978-3-662-03758-4},
       adsurl = {https://ui.adsabs.harvard.edu/abs/1992grle.book.....S},
      adsnote = {Provided by the SAO/NASA Astrophysics Data System}
}



@article{Gibbons_2008,
	doi = {10.1088/0264-9381/25/23/235009},
  
	url = {https://doi.org/10.1088%2F0264-9381%2F25%2F23%2F235009},
  
	year = 2008,
	month = {nov},
  
	publisher = {{IOP} Publishing},
  
	volume = {25},
  
	number = {23},
  
	pages = {235009},
  
	author = {G W Gibbons and M C Werner},
  
	title = {Applications of the Gauss{\textendash}Bonnet theorem to gravitational lensing},
  
	journal = {Classical and Quantum Gravity}
}